@misc{connelly2019methods,
  title={Methods and systems for concentration of samples for lateral flow assays},
  author={Connelly, John Thomas and Dantzler, Jeffrey L and Glukhova, Veronika A and Grant, Benjamin David and Harston, Stephen Paul and {\textbf{V. Ivezi{\'c}}} and Weigl, Bernhard Hans and Yildirim, Ozgur Emek},
  year={2019},
  month=dec # "~19",
  publisher={Google Patents},
  note={US Patent App. 16/006,984},
  keyword='patent'
}